<?xml version="1.0" encoding="UTF-8"?><collection xmlns="http://www.loc.gov/MARC21/slim"><record><leader>00305nam--2200121-i-4500</leader><controlfield tag="001">000007544</controlfield><controlfield tag="002">20161230</controlfield><controlfield tag="005">20161230201027</controlfield><controlfield tag="008">060222s1000------------r-----000-0-eng-d</controlfield><datafield ind1=" " ind2=" " tag="245"><subfield code="a">Activites du laboratoire</subfield></datafield><datafield ind1=" " ind2=" " tag="260"><subfield code="a">Villeurbanne, Institut De Physique Nucleaire, 1966 110 P</subfield></datafield><datafield ind1=" " ind2=" " tag="490"><subfield code="a">6604</subfield></datafield><datafield ind1=" " ind2=" " tag="852"><subfield code="a">2153</subfield></datafield></record></collection>